<?xml version="1.0" encoding="UTF-8"?><record xmlns="http://www.loc.gov/MARC21/slim" xmlns:cinclude="http://apache.org/cocoon/include/1.0" xmlns:zs="http://www.loc.gov/zing/srw/">
  <leader>00450cz  a2200121n  4500</leader>
  <controlfield tag="001">n 2012032303</controlfield>
  <controlfield tag="003">DLC</controlfield>
  <controlfield tag="005">20120515074834.0</controlfield>
  <controlfield tag="008">120514n| acannaabn          |n aaa      </controlfield>
  <datafield tag="010" ind1=" " ind2=" ">
    <subfield code="a">n 2012032303</subfield>
  </datafield>
  <datafield tag="040" ind1=" " ind2=" ">
    <subfield code="a">DLC</subfield>
    <subfield code="b">eng</subfield>
    <subfield code="c">DLC</subfield>
  </datafield>
  <datafield tag="100" ind1="1" ind2=" ">
    <subfield code="a">Kraus, Michael,</subfield>
    <subfield code="d">1980-</subfield>
  </datafield>
  <datafield tag="670" ind1=" " ind2=" ">
    <subfield code="a">Rechtsstaatliche TerrorismusbekaĚmpfung durch Straf- und Strafprozessrecht, 2012:</subfield>
    <subfield code="b">t.p. (Michael Kraus) t.p. verso (Ph.D. from Univ. Augsburg in 2011) p. [4] of cover (b. 1980 in Fulda)</subfield>
  </datafield>
</record>